@incollection{martinlof71itt,
title = "An Intuitionistic Theory of Types: Predicative Part",
editor = "H.E. Rose and J.C. Shepherdson",
booktitle = "Logic Colloquium '73, Proceedings of the Logic Colloquium",
publisher = "Elsevier",
year = "1975",
volume = "80",
pages = "73 - 118",
series = "Studies in Logic and the Foundations of Mathematics",
author = "Per Martin-L{\"{o}}f"
}

@unpublished {ahens-kapulkin:h-level-repo,
  author = {Ahrens, Benedikt and Kapulkin, Chris},
  title = {H-{L}evel(n) is of h-level s(n)},
  note = {Coq files repository},
  year = {2012},
  url = {https://github.com/benediktahrens/HLevel_n_is_of_hlevel_Sn},
}

@Unpublished{bsp12infncats,
  author = 	 {Clark Barwick and Christopher Schommer-Pries},
  title = 	 {On the Unicity of the Homotopy Theory of Higher Categories},
  note = 	 {arXiv:1112.0040}}


@misc {hott:repo,
  author = {{Ho{TT} group}},
  title = {Homotopy Type Theory repository},
  note = {ongoing Coq development},
  url = {https://github.com/HoTT/coq},
}

@ARTICLE{rezk01css,
  author = {Rezk, Charles},
  title = {A model for the homotopy theory of homotopy theory},
  journal = {Trans. Amer. Math. Soc.},
  year = {2001},
  volume = {353},
  pages = {973--1007 (electronic)},
  number = {3},
  coden = {TAMTAM},
  eprint = {arXiv:math.AT/9811037},
  fjournal = {Transactions of the American Mathematical Society},
  issn = {0002-9947}
}

@unpublished {voevodsky:univalent-foundations-coq,
  author = {Voevodsky, Vladimir},
  title = {Univalent foundations repository},
  note = {ongoing Coq development},
  url = {https://github.com/vladimirias/Foundations},
}

@unpublished{warren-pelayo:univalent-foundations-paper,
 author = {Pelayo, \'{A}lvaro and Warren, Michael},
 title = {Homotopy type theory and {V}oevodsky's univalent foundations},
 year = {2012},
 eprint = {1210.5658},
 note = {preprint},
}
